@article{GimenezRomero2022_PRE,
  title     = {Vector-borne diseases with nonstationary vector populations: The case of growing and decaying populations},
  author    = {Gim\'enez-Romero, \`Alex and Flaquer-Galm\'es, Rosa and Matías, Manuel A.},
  journal   = {Phys. Rev. E},
  volume    = {106},
  issue     = {5},
  pages     = {054402},
  numpages  = {11},
  year      = {2022},
  month     = {Nov},
  publisher = {American Physical Society},
  doi       = {10.1103/PhysRevE.106.054402},
  url       = {https://link.aps.org/doi/10.1103/PhysRevE.106.054402}
}

﻿@article{GimenezRomero2022_CommsBio,
  author  = {Gim{\'e}nez-Romero, Alex
             and Galv{\'a}n, Javier
             and Montesinos, Marina
             and Bauz{\`a}, Joan
             and Godefroid, Martin
             and Fereres, Alberto
             and Ramasco, Jos{\'e} J.
             and Matías, Manuel A.
             and Moralejo, Eduardo},
  title   = {Global predictions for the risk of establishment of Pierce's disease of grapevines},
  journal = {Communications Biology},
  year    = {2022},
  month   = {Dec},
  day     = {20},
  volume  = {5},
  number  = {1},
  pages   = {1389},
  issn    = {2399-3642},
  doi     = {10.1038/s42003-022-04358-w},
  url     = {https://doi.org/10.1038/s42003-022-04358-w}
}

@article{GimenezRomero2023,
  author  = {Gim\'{e}nez-Romero, \`{A}lex and Moralejo, Eduardo and Matías, Manuel A.},
  title   = {A Compartmental Model for Xylella fastidiosa Diseases with Explicit Vector Seasonal Dynamics},
  journal = {Phytopathology®},
  volume  = {113},
  number  = {9},
  pages   = {1686-1696},
  year    = {2023},
  doi     = {10.1094/PHYTO-11-22-0428-V},
  note    = {PMID: 36774557},
  url     = {https://doi.org/10.1094/PHYTO-11-22-0428-V},
  eprint  = {https://doi.org/10.1094/PHYTO-11-22-0428-V}
}

@article{Lago2023,
  author  = {Lago, Clara and Giménez-Romero, Àlex and Morente, Marina and Matías, Manuel A and Moreno, Aránzazu and Fereres, Alberto},
  title   = {{Degree-day-based model to predict egg hatching of Philaenus spumarius (Hemiptera: Aphrophoridae), the main vector of Xylella fastidiosa in Europe}},
  journal = {Environmental Entomology},
  volume  = {52},
  number  = {3},
  pages   = {350-359},
  year    = {2023},
  month   = {04},
  issn    = {0046-225X},
  doi     = {10.1093/ee/nvad013},
  url     = {https://doi.org/10.1093/ee/nvad013},
  eprint  = {https://academic.oup.com/ee/article-pdf/52/3/350/50615564/nvad013.pdf}
}